<record><leader>00000cas a2200000 a 4500</leader><controlfield tag="001">9331384</controlfield><controlfield tag="008">830321d18731873mauwr ne      0    0eng c</controlfield><datafield ind1=" " ind2=" " tag="010"><subfield code="a">sn 83020365 </subfield></datafield><datafield ind1=" " ind2=" " tag="040"><subfield code="a">NPX</subfield><subfield code="b">eng</subfield><subfield code="c">NPX</subfield><subfield code="d">NPU</subfield><subfield code="d">MGN</subfield><subfield code="d">NVF</subfield><subfield code="d">OCLCQ</subfield><subfield code="d">OCLCF</subfield><subfield code="d">OCLCO</subfield></datafield><datafield ind1="1" ind2=" " tag="029"><subfield code="a">AU@</subfield><subfield code="b">000025791444</subfield></datafield><datafield ind1=" " ind2=" " tag="042"><subfield code="a">pcc</subfield></datafield><datafield ind1=" " ind2=" " tag="043"><subfield code="a">n-us-ma</subfield></datafield><datafield ind1="0" ind2="0" tag="245"><subfield code="a">Salem city post.</subfield></datafield><datafield ind1="3" ind2="0" tag="246"><subfield code="a">Salem post</subfield><subfield code="f">Jan. 8-22, 1873</subfield></datafield><datafield ind1=" " ind2=" " tag="260"><subfield code="a">Salem [Mass.] :</subfield><subfield code="b">Webber &amp; Browning,</subfield><subfield code="c">1873.</subfield></datafield><datafield ind1=" " ind2=" " tag="300"><subfield code="a">v.</subfield></datafield><datafield ind1=" " ind2=" " tag="310"><subfield code="a">Weekly</subfield></datafield><datafield ind1="0" ind2=" " tag="362"><subfield code="a">Vol. 2, no. 1 (Jan. 1, 1873)-v. 2, no. 53 (Dec. 31, 1873).</subfield></datafield><datafield ind1=" " ind2=" " tag="500"><subfield code="a">"An independent journal."</subfield></datafield><datafield ind1=" " ind2=" " tag="500"><subfield code="a">Proprietor: Charles H. Webber, &lt;Feb. 19, 1873-&gt;.</subfield></datafield><datafield ind1=" " ind2=" " tag="500"><subfield code="a">Editor: Charles H. Webber, &lt;1873&gt;.</subfield></datafield><datafield ind1=" " ind2="0" tag="651"><subfield code="a">Salem (Mass.)</subfield><subfield code="v">Newspapers.</subfield></datafield><datafield ind1=" " ind2="7" tag="655"><subfield code="a">Newspapers.</subfield><subfield code="2">fast</subfield><subfield code="0">(OCoLC)fst01423814</subfield></datafield><datafield ind1=" " ind2="7" tag="651"><subfield code="a">Massachusetts</subfield><subfield code="z">Salem.</subfield><subfield code="2">fast</subfield><subfield code="0">(OCoLC)fst01205839</subfield></datafield><datafield ind1="1" ind2=" " tag="700"><subfield code="a">Webber, C. H.</subfield><subfield code="q">(Charles H.)</subfield></datafield><datafield ind1=" " ind2=" " tag="752"><subfield code="a">United States</subfield><subfield code="b">Massachusetts</subfield><subfield code="c">Essex</subfield><subfield code="d">Salem.</subfield></datafield><datafield ind1="0" ind2="0" tag="780"><subfield code="t">City post (Salem, Mass.)</subfield><subfield code="w">(DLC)sn 83020364</subfield></datafield><datafield ind1="0" ind2="0" tag="785"><subfield code="t">Salem post (Salem, Mass. : 1874)</subfield><subfield code="w">(DLC)sn 83020366</subfield></datafield></record>